@book{sommerville2011engenharia,
  title={Engenharia de software},
  author={Sommerville, I.},
  isbn={9788579361081},
  year={2011},
  publisher={PEARSON BRASIL}
}

@book{pressman2016engenharia,
  title={Engenharia de Software - 8{\textordfeminine} Edi{\c{c}}{\~a}o: },
  author={Pressman, R. and Maxim, B.},
  isbn={9788580555349},
  year={2016}
}
